% Encoding: UTF-8

@Article{GH,
  author       = {Gunion, John F. and Haber, Howard E.},
  title        = {Higgs Bosons in Supersymmetric Models (I)},
  journal      = {Nucl. Phys.},
  year         = {1986},
  volume       = {B272},
  pages        = {1-76},
  addendum     = {Erratum \href{https://doi.org/10.1016/0550-3213(93)90653-7}{ibid.\ {\bfseries B402} (1993) 567--568}},
  doi          = {10.1016/0550-3213(86)90340-8},
  reportnumber = {SLAC-PUB-3404},
  slaccitation = {%%CITATION = NUPHA,B272,1;%%},
}

@Article{Martin:1997ns,
  author        = {Martin, Stephen P.},
  title         = {A Supersymmetry primer},
  year          = {1997},
  pages         = {1-98},
  note          = {Collected in \href{https://doi.org/10.1142/9789812839657_0001}{Adv.\ Ser.\ Direct.\ High Energy Phys.\ {\bfseries 18} (1998) 1--98} and \href{https://doi.org/10.1142/9789814307505_0001}{ibid.\ {\bfseries21} (2010) 1--153}},
  archiveprefix = {arXiv},
  eprint        = {hep-ph/9709356},
  primaryclass  = {hep-ph},
  reportnumber  = {FERMILAB-PUB-97-425-T},
  slaccitation  = {%%CITATION = HEP-PH/9709356;%%},
}

@Article{SLHA,
  author        = {Skands, Peter Z. and others},
  title         = {{SUSY Les Houches accord: Interfacing SUSY spectrum calculators, decay packages, and event generators}},
  journal       = {JHEP},
  year          = {2004},
  volume        = {07},
  pages         = {036},
  archiveprefix = {arXiv},
  doi           = {10.1088/1126-6708/2004/07/036},
  eprint        = {hep-ph/0311123},
  primaryclass  = {hep-ph},
  reportnumber  = {LU-TP-03-39, SHEP-03-24, CERN-TH-2003-204, ZU-TH-15-03, LMU-19-03, DCPT-03-108, IPPP-03-54, CTS-IISC-2003-07, DESY-03-166, MPP-2003-111},
  slaccitation  = {%%CITATION = HEP-PH/0311123;%%},
}

@Article{SLHA2,
  author        = {Allanach, B. C. and others},
  title         = {{SUSY Les Houches Accord 2}},
  journal       = {Comput. Phys. Commun.},
  year          = {2009},
  volume        = {180},
  pages         = {8-25},
  archiveprefix = {arXiv},
  doi           = {10.1016/j.cpc.2008.08.004},
  eprint        = {0801.0045},
  primaryclass  = {hep-ph},
  reportnumber  = {FERMILAB-PUB-07-036-T, SLAC-PUB-12765, CERN-PH-TH-2007-148, DAMTP-2007-76, EDINBURGH-2007-31, KEK-TH-1170, LAPTH-1204-07, LPT-ORSAY-07-81, SHEP-07-13},
  slaccitation  = {%%CITATION = ARXIV:0801.0045;%%},
}

@Comment{jabref-meta: databaseType:bibtex;}
